@inproceedings{tian2016openfunction,
  title={OpenFunction: An extensible data plane abstraction protocol for platform-independent software-defined middleboxes},
  author={Tian, Chen and Liu, Alex X and Munir, Ali and Yang, Jie},
  booktitle={Network Protocols (ICNP), 2016 IEEE 24th International Conference on},
  pages={1--2},
  year={2016},
  organization={IEEE}
}